
@misc{noauthor_intel_nodate,
	title = {Intel® {Xeon}® {Processor} {E5}-2650 v3 ({25M} {Cache}, 2.30 {GHz}) {Product} {Specifications}},
	url = {https://www.intel.com/content/www/us/en/products/sku/81705/intel-xeon-processor-e5-2650-v3-25m-cache-2-30-ghz.html},
	abstract = {Intel® Xeon® Processor E5-2650 v3 (25M Cache, 2.30 GHz) quick reference guide including specifications, features, pricing, compatibility, design documentation, ordering codes, spec codes and more.},
	language = {en},
	urldate = {2024-09-29},
	file = {Snapshot:/Users/dennyshuber/Zotero/storage/WIYFU9DQ/intel-xeon-processor-e5-2650-v3-25m-cache-2-30-ghz.html:text/html},
}

@misc{noauthor_uopsinfo_nodate,
	title = {uops.info - {Table}},
	url = {https://uops.info/table.html},
	urldate = {2024-09-29},
	file = {uops.info - Table:/Users/dennyshuber/Zotero/storage/AMXCWCHE/table.html:text/html},
}

@misc{noauthor_compute_nodate,
	title = {Compute {Resources} – {Institute} of {Computing} {USI}},
	url = {https://www.ci.inf.usi.ch/research/resources/},
	language = {en-US},
	urldate = {2024-10-05},
	file = {Snapshot:/Users/dennyshuber/Zotero/storage/RWEM3JVR/resources.html:text/html},
}

@misc{noauthor_module1_nodate,
	title = {module(1): command interface to {Modules} package - {Linux} man page},
	url = {https://linux.die.net/man/1/module},
	urldate = {2024-10-05},
	file = {module(1)\: command interface to Modules package - Linux man page:/Users/dennyshuber/Zotero/storage/5ETEBE9G/module.html:text/html},
}

@misc{noauthor_slurm_nodate,
	title = {Slurm {Workload} {Manager} - {Overview}},
	url = {https://slurm.schedmd.com/overview.html},
	urldate = {2024-10-05},
	file = {Slurm Workload Manager - Overview:/Users/dennyshuber/Zotero/storage/QXPHDT42/overview.html:text/html},
}

@misc{noauthor_floatingpointmath_nodate,
	title = {{FloatingPointMath} - {GCC} {Wiki}},
	url = {https://gcc.gnu.org/wiki/FloatingPointMath},
	urldate = {2024-10-07},
	file = {FloatingPointMath - GCC Wiki:/Users/dennyshuber/Zotero/storage/NV2YXE4U/FloatingPointMath.html:text/html},
}

@misc{noauthor_loop-specific_nodate,
	title = {Loop-{Specific} {Pragmas} - {Using} the {GNU} {Compiler} {Collection} ({GCC})},
	url = {https://gcc.gnu.org/onlinedocs/gcc-4.9.0/gcc/Loop-Specific-Pragmas.html},
	urldate = {2024-10-08},
	file = {Loop-Specific Pragmas - Using the GNU Compiler Collection (GCC):/Users/dennyshuber/Zotero/storage/58H42PUI/Loop-Specific-Pragmas.html:text/html},
}

@misc{noauthor_memory_nodate,
	title = {{MEMORY} {BANDWIDTH}: {STREAM} {BENCHMARK} {PERFORMANCE} {RESULTS}},
	url = {https://www.cs.virginia.edu/stream/},
	urldate = {2024-10-08},
	file = {MEMORY BANDWIDTH\: STREAM BENCHMARK PERFORMANCE RESULTS:/Users/dennyshuber/Zotero/storage/ZNPK887V/stream.html:text/html},
}

@misc{noauthor_slurm_nodate-1,
	title = {Slurm {Workload} {Manager} - sinfo},
	url = {https://slurm.schedmd.com/sinfo.html},
	urldate = {2024-10-09},
	file = {Slurm Workload Manager - sinfo:/Users/dennyshuber/Zotero/storage/VA4GKTCB/sinfo.html:text/html},
}

@misc{noauthor_intel_nodate-1,
	title = {Intel® {Intrinsics} {Guide}},
	url = {https://www.intel.com/content/www/us/en/docs/intrinsics-guide/index.html},
	abstract = {Intel® Intrinsics Guide includes C-style functions that provide access to other instructions without writing assembly code.},
	language = {en},
	urldate = {2024-10-09},
	journal = {Intel},
	file = {Snapshot:/Users/dennyshuber/Zotero/storage/TTJKNU35/index.html:text/html},
}
