
@misc{noauthor_scalability_2018,
	title = {Scalability: strong and weak scaling – {PDC} {Blog}},
	shorttitle = {Scalability},
	url = {https://www.kth.se/blogs/pdc/2018/11/scalability-strong-and-weak-scaling/},
	language = {en-GB},
	urldate = {2024-10-20},
	month = nov,
	year = {2018},
	file = {Snapshot:/Users/dennyshuber/Zotero/storage/GUFVQXNE/scalability-strong-and-weak-scaling.html:text/html},
}

@book{hager_introduction_2010,
	title = {Introduction to {High} {Performance} {Computing} for {Scientists} and {Engineers}},
	isbn = {978-1-4398-1193-1},
	abstract = {Written by high performance computing (HPC) experts, Introduction to High Performance Computing for Scientists and Engineers provides a solid introduction to current mainstream computer architecture, dominant parallel programming models, and useful optimization strategies for scientific HPC. From working in a scientific computing center, the author},
	language = {en},
	publisher = {CRC Press},
	author = {Hager, Georg and Wellein, Gerhard},
	month = jul,
	year = {2010},
	note = {Google-Books-ID: rkWPojgfeM8C},
	keywords = {Computers / Computer Architecture, Computers / General, Computers / Hardware / Mainframes \& Minicomputers, Computers / Programming / Games, Mathematics / General, Mathematics / Number Systems},
}

@misc{noauthor_ibm_2024,
	title = {{IBM} {OMP} {Sections}},
	copyright = {© Copyright IBM Corporation 2024},
	url = {https://www.ibm.com/docs/en/zos/3.1.0?topic=processing-pragma-omp-section-pragma-omp-sections},
	abstract = {IBM Documentation.},
	language = {en-US},
	urldate = {2024-10-20},
	month = jun,
	year = {2024},
}

@misc{iliev_answer_2012,
	title = {Answer to "{Why} {Segmentation} fault is happening in this openmp code?"},
	shorttitle = {Answer to "{Why} {Segmentation} fault is happening in this openmp code?},
	url = {https://stackoverflow.com/a/13266595},
	urldate = {2024-10-20},
	journal = {Stack Overflow},
	author = {Iliev, Hristo},
	month = nov,
	year = {2012},
	file = {Snapshot:/Users/dennyshuber/Zotero/storage/SP53G623/why-segmentation-fault-is-happening-in-this-openmp-code.html:text/html},
}

@misc{noauthor_omp_stacksize_nodate,
	title = {{OMP}\_STACKSIZE},
	url = {https://www.openmp.org/spec-html/5.0/openmpse54.html},
	urldate = {2024-10-20},
	file = {OMP_STACKSIZE:/Users/dennyshuber/Zotero/storage/4QXIUJN6/openmpse54.html:text/html},
}
