
@misc{noauthor_reduction_nodate,
	title = {Reduction {Scoping} {Clauses}},
	url = {https://www.openmp.org/spec-html/5.2/openmpsu50.html},
	urldate = {2024-10-31},
	file = {Reduction Scoping Clauses:/Users/dennyshuber/Zotero/storage/FU6UEDKX/openmpsu50.html:text/html},
}

@misc{noauthor_conditional_nodate,
	title = {Conditional {Compilation}},
	url = {https://www.openmp.org/spec-html/5.2/openmpse16.html#x47-460003.3},
	urldate = {2024-10-31},
	file = {Conditional Compilation:/Users/dennyshuber/Zotero/storage/SW63W5TW/openmpse16.html:text/html},
}

@misc{noauthor_collapse_nodate,
	title = {Collapse {Clause}},
	url = {https://www.openmp.org/spec-html/5.2/openmpsu30.html},
	urldate = {2024-10-31},
	file = {collapse Clause:/Users/dennyshuber/Zotero/storage/A5G49632/openmpsu30.html:text/html},
}
