@misc{noauthor_smallest_nodate,
	title = {The {Smallest} {Eigenvalues} of a {Graph} {Laplacian}},
	url = {http://blog.shriphani.com/2015/04/06/the-smallest-eigenvalues-of-a-graph-laplacian/},
	urldate = {2024-12-16},
	file = {The Smallest Eigenvalues of a Graph Laplacian:/Users/dennyshuber/Zotero/storage/EKSZZYVP/the-smallest-eigenvalues-of-a-graph-laplacian.html:text/html},
}
